@misc{enwiki:1118939661,
    author = {{Wikipedia contributors}},
    title  = {Inclusion–exclusion principle --- {Wikipedia}{,} The Free Encyclopedia},
    year   = {2022},
    url    = {https://en.wikipedia.org/w/index.php?title=Inclusion%E2%80%93exclusion_principle&oldid=1118939661},
    note   = {[Online; accessed 29-October-2022]}
}

@misc{oiwiki:incexc,
    author    = {OI Wiki Team},
    title     = {容斥原理 --- {OI Wiki}},
    year      = {2016},
    publisher = {GitHub},
    url       = {https://github.com/OI-wiki/OI-wiki/blob/56e9dd15d8a68116bd3affd74dde6eb066c1efca/docs/math/combinatorics/inclusion-exclusion-principle.md},
    note      = {[Online; accessed 18-September-2022]}
}
